@article{whitehead2014remote,
  title={Remote sensing of the environment with small unmanned aircraft systems (UASs), part 2: Scientific and commercial applications},
  author={Whitehead, Ken and Hugenholtz, Chris H and Myshak, Stephen and Brown, Owen and LeClair, Adam and Tamminga, Aaron and Barchyn, Thomas E and Moorman, Brian and Eaton, Brett},
  journal={Journal of unmanned vehicle systems},
  volume={2},
  number={3},
  pages={86--102},
  year={2014},
  publisher={NRC Research Press}
}

@inproceedings{bertuccelli2005robust,
  title={Robust UAV search for environments with imprecise probability maps},
  author={Bertuccelli, Luca F and How, JP},
  booktitle={Proceedings of the 44th IEEE Conference on Decision and Control},
  pages={5680--5685},
  year={2005},
  organization={IEEE}
}

@article{brambilla2013swarm,
  title={Swarm robotics: a review from the swarm engineering perspective},
  author={Brambilla, Manuele and Ferrante, Eliseo and Birattari, Mauro and Dorigo, Marco},
  journal={Swarm Intelligence},
  volume={7},
  number={1},
  pages={1--41},
  year={2013},
  publisher={Springer}
}

@inproceedings{sauter2005performance,
  title={Performance of digital pheromones for swarming vehicle control},
  author={Sauter, John A and Matthews, Robert and Van Dyke Parunak, H and Brueckner, Sven A},
  booktitle={Proceedings of the fourth international joint conference on Autonomous agents and multiagent systems},
  pages={903--910},
  year={2005},
  organization={ACM}
}

@inproceedings{parunak2002digital,
  title={Digital pheromones for autonomous coordination of swarming UAV's},
  author={Parunak, H Van and Purcell, Michael and O'Connell, Robert},
  booktitle={1st UAV Conference},
  pages={3446},
  year={2002}
}

@book{reynolds1987flocks,
  title={Flocks, herds and schools: A distributed behavioral model},
  author={Reynolds, Craig W},
  volume={21},
  number={4},
  year={1987},
  publisher={ACM}
}

@article{senanayake2016search,
  title={Search and tracking algorithms for swarms of robots: A survey},
  author={Senanayake, Madhubhashi and Senthooran, Ilankaikone and Barca, Jan Carlo and Chung, Hoam and Kamruzzaman, Joarder and Murshed, Manzur},
  journal={Robotics and Autonomous Systems},
  volume={75},
  pages={422--434},
  year={2016},
  publisher={Elsevier}
}

@inproceedings{brust2017target,
  title={Target tracking optimization of UAV swarms based on dual-pheromone clustering},
  author={Brust, Matthias R and Zurad, Maciej and Hentges, Laurent and Gomes, Leandro and Danoy, Gr{\'e}goire and Bouvry, Pascal},
  booktitle={2017 3rd IEEE International Conference on Cybernetics (CYBCONF)},
  pages={1--8},
  year={2017},
  organization={IEEE}
}

@inproceedings{atten2016uav,
  title={UAV fleet mobility model with multiple pheromones for tracking moving observation targets},
  author={Atten, Christophe and Channouf, Loubna and Danoy, Gr{\'e}goire and Bouvry, Pascal},
  booktitle={European Conference on the Applications of Evolutionary Computation},
  pages={332--347},
  year={2016},
  organization={Springer}
}

@inproceedings{vasarhelyi2014outdoor,
  title={Outdoor flocking and formation flight with autonomous aerial robots},
  author={V{\'a}s{\'a}rhelyi, G{\'a}bor and Vir{\'a}gh, Cs and Somorjai, Gergo and Tarcai, Norbert and Sz{\"o}r{\'e}nyi, Tam{\'a}s and Nepusz, Tam{\'a}s and Vicsek, Tam{\'a}s},
  booktitle={2014 IEEE/RSJ International Conference on Intelligent Robots and Systems},
  pages={3866--3873},
  year={2014},
  organization={IEEE}
}

@inproceedings{hauert2011reynolds,
  title={Reynolds flocking in reality with fixed-wing robots: communication range vs. maximum turning rate},
  author={Hauert, Sabine and Leven, Severin and Varga, Maja and Ruini, Fabio and Cangelosi, Angelo and Zufferey, Jean-Christophe and Floreano, Dario},
  booktitle={2011 IEEE/RSJ International Conference on Intelligent Robots and Systems},
  pages={5015--5020},
  year={2011},
  organization={IEEE}
}

@inproceedings{quintero2013flocking,
  title={Flocking with fixed-wing UAVs for distributed sensing: A stochastic optimal control approach},
  author={Quintero, Steven AP and Collins, Gaemus E and Hespanha, Joao P},
  booktitle={2013 American Control Conference},
  pages={2025--2031},
  year={2013},
  organization={IEEE}
}

@article{bayindir2016review,
  title={A review of swarm robotics tasks},
  author={Bay{\i}nd{\i}r, Levent},
  journal={Neurocomputing},
  volume={172},
  pages={292--321},
  year={2016},
  publisher={Elsevier}
}

@inproceedings{paradzik2016multi,
  title={Multi-agent search strategy based on digital pheromones for uavs},
  author={Paradzik, Matej and {\.I}nce, G{\"o}khan},
  booktitle={2016 24th Signal Processing and Communication Application Conference (SIU)},
  pages={233--236},
  year={2016},
  organization={IEEE}
}

@article{de2017fault,
  title={A fault-tolerant self-organizing flocking approach for UAV aerial survey},
  author={De Benedetti, Massimiliano and D'Urso, Fabio and Fortino, Giancarlo and Messina, Fabrizio and Pappalardo, Giuseppe and Santoro, Corrado},
  journal={Journal of Network and Computer Applications},
  volume={96},
  pages={14--30},
  year={2017},
  publisher={Elsevier}
}

@article{qiu2017pigeon,
  title={Pigeon interaction mode switch-based UAV distributed flocking control under obstacle environments},
  author={Qiu, Huaxin and Duan, Haibin},
  journal={ISA transactions},
  volume={71},
  pages={93--102},
  year={2017},
  publisher={Elsevier}
}

@article{palmieri2017comparison,
  title={Comparison of bio-inspired algorithms applied to the coordination of mobile robots considering the energy consumption},
  author={Palmieri, Nunzia and Yang, Xin-She and De Rango, Floriano and Marano, Salvatore},
  journal={Neural Computing and Applications},
  pages={1--24},
  year={2017},
  publisher={Springer}
}

@inproceedings{singh2017detection,
  title={Detection and classification of emergent behaviors using multi-agent simulation framework (WIP)},
  author={Singh, Shweta and Lu, Shan and Kokar, Mieczyslaw M and Kogut, Paul A and Martin, Lockheed},
  booktitle={Proceedings of the Symposium on Modeling and Simulation of Complexity in Intelligent, Adaptive and Autonomous Systems},
  pages={3},
  year={2017},
  organization={Society for Computer Simulation International}
}

@article{bloembergen2015evolutionary,
  title={Evolutionary dynamics of multi-agent learning: A survey},
  author={Bloembergen, Daan and Tuyls, Karl and Hennes, Daniel and Kaisers, Michael},
  journal={Journal of Artificial Intelligence Research},
  volume={53},
  pages={659--697},
  year={2015}
}

@inproceedings{cimino2015combining,
  title={Combining stigmergic and flocking behaviors to coordinate swarms of drones performing target search},
  author={Cimino, Mario GCA and Lazzeri, Alessandro and Vaglini, Gigliola},
  booktitle={2015 6th International Conference on Information, Intelligence, Systems and Applications (IISA)},
  pages={1--6},
  year={2015},
  organization={IEEE}
}

@article{labella2006division,
  title={Division of labor in a group of robots inspired by ants' foraging behavior},
  author={Labella, Thomas H and Dorigo, Marco and Deneubourg, Jean-Louis},
  journal={ACM Transactions on Autonomous and Adaptive Systems (TAAS)},
  volume={1},
  number={1},
  pages={4--25},
  year={2006},
  publisher={ACM}
}

@article{karaboga2009comparative,
  title={A comparative study of artificial bee colony algorithm},
  author={Karaboga, Dervis and Akay, Bahriye},
  journal={Applied mathematics and computation},
  volume={214},
  number={1},
  pages={108--132},
  year={2009},
  publisher={Elsevier}
}

@inproceedings{eberhart1995particle,
  title={Particle swarm optimization},
  author={Eberhart, Russell and Kennedy, James},
  booktitle={Proceedings of the IEEE international conference on neural networks},
  volume={4},
  pages={1942--1948},
  year={1995},
  organization={Citeseer}
}

@inproceedings{yang2009firefly,
  title={Firefly algorithms for multimodal optimization},
  author={Yang, Xin-She},
  booktitle={International symposium on stochastic algorithms},
  pages={169--178},
  year={2009},
  organization={Springer}
}

@article{yang2010firefly,
  title={Firefly algorithm, stochastic test functions and design optimisation},
  author={Yang, Xin-She},
  journal={arXiv preprint arXiv:1003.1409},
  year={2010}
}

@inproceedings{cimino2019adaptive,
  title={Adaptive exploration of a UAVs swarm for distributed targets detection and tracking},
  author={Cimino, Mario GCA and Lega, Massimiliano and Monaco, Manilo and Vaglini, Gigliola},
  booktitle={The 8th International Conference on Pattern Recognition Applications and Methods (ICPRAM 2019)},
  pages={1--8},
  year={2019}
}

@article{storn1997differential,
  title={Differential evolution--a simple and efficient heuristic for global optimization over continuous spaces},
  author={Storn, Rainer and Price, Kenneth},
  journal={Journal of global optimization},
  volume={11},
  number={4},
  pages={341--359},
  year={1997},
  publisher={Springer}
}

@article{jones2014scipy,
  title={$\{$SciPy$\}$: Open source scientific tools for $\{$Python$\}$},
  author={Jones, Eric and Oliphant, Travis and Peterson, Pearu},
  year={2014}
}
